@Comment{Passen Sie diese Datei, wenn notwendig, an.}